%% PPGCC - CCN - UFPI

%% This BibTeX bibliography file was created using BibDesk.
%% http://bibdesk.sourceforge.net/
%% Exemplo de arquivo .bib a ser utilizado para gerar a Biliografia

%% Quando for no Google Scholar, clique em bibtex na citação e copie o código pra colar aqui

@article{Sardim2020,
   abstract = {RESUMO O objetivo do estudo foi avaliar o efeito da fotobiomodulação associada a exercícios na dor e na funcionalidade de pacientes com osteoartrite de joelho. Para isso foram recrutados 20 pacientes com osteoartrite do joelho uni ou bilateral, que foram distribuídos em dois grupos: grupo-controle (GC), que realizou aplicação de fotobiomodulação (FBM) placebo e um protocolo de exercício; e grupo fotobiomodulação (GF), que realizou aplicação ativa da FBM e o protocolo de exercício, sendo esse realizado duas vezes por semana durante oito semanas e consistindo de alongamentos passivos dos músculos de membros inferiores, straight leg raise, treinamento proprioceptivo e exercícios para o controle da marcha. A FBM foi aplicada com o aparelho cluster contendo quatro diodos de 670 nm e cinco diodos de 850 nm, com uma potência de saída de 540 mW, sendo a dose utilizada de 4 J/cm2. Os grupos foram avaliados pré e pós-tratamento com os questionários SF-36, Lequesne, Tinetti, e por meio da Escala Visual Analógica de dor (EVA). Os dados foram analisados com o método Anova, seguido do Bonferroni. Os dados indicaram melhoras significativas para o GF ao fim do tratamento para as avaliações da EVA (2±1,25 vs. 0,7±0,82; p=0,009). Embora ambos os grupos tenham obtido melhoras significativas ao longo do tratamento, não foi possível observar diferenças significativas entre eles para o restante das avaliações ao final do tratamento. Portanto, conclui-se que o uso da FBM associada a exercícios apresentou melhora da dor nos pacientes com osteoartrite de joelho, embora não tenha sido possível observar diferenças significativas no que diz respeito à funcionalidade.ABSTRACT Our study evaluated the effect of photobiomodulation associated with exercise on pain and functionality of patients with knee osteoarthritis. Twenty patients with unilateral or bilateral knee osteoarthritis were selected and divided into two groups: Control group (CG), which underwent photobiomodulation (PBM) placebo and exercise protocol; and the photobiomodulation group (PG), which performed an active application of the PBM and the exercise protocol - performed twice a week for eight weeks and consisting of passive stretching of the lower extremity muscles, straight leg raise, proprioceptive training and exercises for gait control. PBM was applied through a cluster apparatus containing four diodes of 670 nm and five diodes of 850 nm, with an output power of 540 mW and with a dose of 4J / cm2. The groups were evaluated before and after treatment with the SF-36, Lequesne and Tinetti questionnaires as well as the Visual Analog Pain Scale. Data were analyzed using the Anova method, followed by the post-hoc Bonferroni test. The data indicated significant improvements in the PG at the end of treatment for Visual Analog Pain Scale (2±1.25 vs. 0.7±0.82, p=0.009). Although both groups achieved significant improvements throughout the treatment, we could not observe significant differences between them for the rest of the evaluations at the end of the treatment. Therefore, the use of PBM associated with exercises showed pain improvement in patients with knee osteoarthritis, although it was not possible to observe significant differences in patients’ functionality.RESUMEN El presente estudio tuvo como objetivo evaluar el efecto de la fotobiomodulación asociada a ejercicios sobre el dolor y la funcionalidad de pacientes con osteoartritis de rodilla. Para ello, se reclutaron a 20 pacientes con osteoartritis de rodilla unilateral o bilateral, que se dividieron en dos grupos: el grupo control (GC), que recibió placebo de fotobiomodulación (FBM) y un protocolo de ejercicio; y el grupo de fotobiomodulación (GF), que recibió la aplicación activa de FBM y el protocolo de ejercicio, el cual se realizó dos veces por semana, durante ocho semanas, y consistió en estiramientos pasivos de los músculos de las extremidades inferiores, straight leg raise, entrenamiento propioceptivo y ejercicios para el control de la marcha. La FBM se aplicó con el dispositivo cluster que contenía cuatro diodos de 670 nm y cinco diodos de 850 nm, con una potencia de salida de 540 mW, y la dosis utilizada fue de 4 J/cm2. Los grupos se evaluaron antes y después del tratamiento por medio de los cuestionarios SF-36, Lequesne, Tinetti y de la Escala Visual Analógica de Dolor (EVA). Los datos se analizaron utilizando el método Anova, seguido del Bonferroni. Los datos apuntaron una mejora significativa en el GF al final del tratamiento mediante las evaluaciones de la EVA (2±1,25 vs. 0,7±0,82; p=0,009). A pesar de que ambos grupos lograron obtener mejoras significativas durante el curso del tratamiento, no fue posible observar diferencias significativas entre ellos en las evaluaciones al final del tratamiento. Por lo tanto, se concluye que el uso de la FBM asociada a ejercicios ocasionó una mejora del dolor en pacientes con osteoartritis de rodilla, aunque no fue posible observar diferencias significativas con respecto a la funcionalidad.},
   author = {André Cabral Sardim and Rodrigo Paschoal Prado and Carlos Eduardo Pinfildi},
   doi = {10.1590/1809-2950/18020027022020},
   issn = {1809-2950},
   issue = {2},
   journal = {Fisioterapia e Pesquisa},
   title = {Efeito da fotobiomodulação associada a exercícios na dor e na funcionalidade de pacientes com osteoartrite de joelho: estudo-piloto},
   volume = {27},
   year = {2020},
}
@article{PACCA2018,
   abstract = {ABSTRACT Background: High body mass index, as well as maintaining this condition for a long period of time, are important risk factors for the development of osteoarthritis. Aim: To determine joint pain and osteoarthritis prevalence in patients referred to bariatric surgery. Methods: Morbidly obese patients referred to bariatric surgery responded to the visual analogue pain scale (VAS) and the WOMAC questionnaire. X-rays of the hips and knees were evaluated. The primary endpoints were self-reported joint pain and the diagnosis of osteoarthritis by clinical and radiological criteria of the American College of Rheumatology. Results: 141 patients were interviewed (85.1% women) with a mean age of 40 years. The mean body mass index was 46. The lumbar spine and knee joint were the most commonly reported as painful (77.9% and 73.2% respectively). Prevalence of knee osteoarthritis was 63.1% and hip osteoarthritis was 40.8%. Age, mean VAS and WOMAC scores were higher in the osteoarthritic individuals. Conclusion: There is prevalence of 90.1% of pain symptoms in morbidly obese patients referred to bariatric surgery. The prevalence of knee osteoarthritis was 63.1% and hip osteoarthritis was 40.8% in this sample.},
   author = {Daniel Moreira PACCA and Gustavo Constantino DE-CAMPOS and Alessandro Rozin ZORZI and Elinton Adami CHAIM and Jõao Batista DE-MIRANDA},
   doi = {10.1590/0102-672020180001e1344},
   issn = {2317-6326},
   issue = {1},
   journal = {ABCD. Arquivos Brasileiros de Cirurgia Digestiva (São Paulo)},
   title = {Prevalência de dor articular e osteoartrite na população obesa brasileira},
   volume = {31},
   year = {2018},
}
@article{Luis2022,
   abstract = {INTRODUÇÃO: a osteoartrite do joelho (OA) é uma doença articular degenerativa, que ocasiona desgaste e perda progressiva da cartilagem local. Os sintomas de OA incluem rigidez, mobilidade articular limitada e presença de dor que podem levar a uma diminuição na qualidade de vida e comprometimento da saúde. A interpretação/análise clínica de imagens suporta um trabalho cada vez maior nos centros ortopédicos e de radiologia. O presente estudo desenvolveu e aplicou o desempenho de uma rede neural convolucional projetada para auxiliar ortopedistas e radiologistas na detecção e classificação de osteoartrite do joelho de graus iniciais a severos, de acordo com o sistema de classificação Kellgren-Lawrence (KL). OBJETIVO: Desenvolver e validar uma CNN capaz de classificar e diagnosticar a OA no joelho de forma dinâmica e eficaz. Material e métodos: Utilizou-se uma pesquisa descritiva de caráter quali quantitativo e métodos da IA aplicados na análise do movimento humano. Foi utilizado um banco de dados com radiografias de OA de joelho (Grau 0 - 3.085 imagens, Grau 1 - 1.416 imagens, Grau 2 - 2.062 imagens, Grau 3 - 1.029 imagens e Grau 4 - 236 imagens). Para análise e classificação das imagens foi utilizado um ambiente de desenvolvimento da linguagem Python, por meio da aplicação Google Colab executada via browser. As imagens foram utilizadas para treinar um conjunto de arquiteturas de rede neural para a previsão do nível de gravidade, segundo a classificação de KL em OA. RESULTADOS: em seguida da configuração da CNN, iniciou-se o treinamento de máquina com as radiografias, em seguida realizados testes e por fim a integração, obtendo-se uma classificação expressa com as de taxas de sensibilidade de teste com a densidade de rede com joelho saudável, OA leve, moderado e grave. Após a classificação e análise das imagens na rede convolucional, foi gerado o comportamento do classificador sobre a precisão do algoritmo na exatidão do diagnóstico. O algoritmo apresentou acurácia de 0,85 (OA mínimo), 0,79 ( joelho saudável), 0,89 (OA moderado) e 0,98 (OA severo. Precisão de 0,67 (joelho saudável), 0,71 (OA mínimo), 0,86 (OA moderado) e 0,82 (OA severo). Sensibilidade de 0,65 (joelho saudável), 0,77 (OA mínimo), 0,79 (OA moderado) e 0,93 (OA severo). Especificidade de 0,86 (joelho saudável), 0,88 (OA mínimo), 0,94 (OA moderado) e 0,93 (OA severo). CONCLUSÃO: Nossos modelos de aprendizagem profunda propostos forneceram alta precisão e acurácia satisfatória para a detecção e classificação de osteoartrite leve ao severo do joelho em radiografias simples. Esses modelos podem ser usados como auxílio no diagnóstico clínico de radiografias de joelho e na orientação do tratamento em cada estágio da patologia para médicos, radiologistas e profissionais do movimento humano},
   author = {Daniel Moreira PACCA and Gustavo Constantino DE-CAMPOS and Alessandro Rozin ZORZI and Elinton Adami CHAIM and Jõao Batista DE-MIRANDA},
   doi = {10.36692/15n1-03},
   journal = {Revista CPAQV - Centro de Pesquisas Avançadas em Qualidade de Vida},
   title = {DESENVOLVIMENTO E APLICAÇÃO DE REDE NEURAL CONVOLUCIONAL PARA O DIAGNÓSTICO DE OSTEOARTRITE DE JOELHO},
   volume = {15},
   url = {https://revista.cpaqv.org/index.php/CPAQV/article/view/1079},
   year = {2022},
}
@article{Mohammed2023,
   abstract = {One of the most common and challenging medical conditions to deal with in old-aged people is the occurrence of knee osteoarthritis (KOA). Manual diagnosis of this disease involves observing X-ray images of the knee area and classifying it under five grades using the Kellgren–Lawrence (KL) system. This requires the physician’s expertise, suitable experience, and a lot of time, and even after that the diagnosis can be prone to errors. Therefore, researchers in the ML/DL domain have employed the capabilities of deep neural network (DNN) models to identify and classify KOA images in an automated, faster, and accurate manner. To this end, we propose the application of six pretrained DNN models, namely, VGG16, VGG19, ResNet101, MobileNetV2, InceptionResNetV2, and DenseNet121 for KOA diagnosis using images obtained from the Osteoarthritis Initiative (OAI) dataset. More specifically, we perform two types of classification, namely, a binary classification, which detects the presence or absence of KOA and secondly, classifying the severity of KOA in a three-class classification. For a comparative analysis, we experiment on three datasets (Dataset I, Dataset II, and Dataset III) with five, two, and three classes of KOA images, respectively. We achieved maximum classification accuracies of 69%, 83%, and 89%, respectively, with the ResNet101 DNN model. Our results show an improved performance from the existing work in the literature.},
   author = {Abdul Sami Mohammed and Ahmed Abul Hasanaath and Ghazanfar Latif and Abul Bashar},
   doi = {10.3390/diagnostics13081380},
   issn = {20754418},
   issue = {8},
   journal = {Diagnostics},
   title = {Knee Osteoarthritis Detection and Severity Classification Using Residual Neural Networks on Preprocessed X-ray Images},
   volume = {13},
   year = {2023},
}
@article{Alshamrani2023,
   abstract = {Knee osteoarthritis is a challenging problem affecting many adults around the world. There are currently no medications that cure knee osteoarthritis. The only way to control the progression of knee osteoarthritis is early detection. Currently, X-ray imaging is a central technique used for the prediction of osteoarthritis. However, the manual X-ray technique is prone to errors due to the lack of expertise of radiologists. Recent studies have described the use of automated systems based on machine learning for the effective prediction of osteoarthritis from X-ray images. However, most of these techniques still need to achieve higher predictive accuracy to detect osteoarthritis at an early stage. This paper suggests a method with higher predictive accuracy that can be employed in the real world for the early detection of knee osteoarthritis. In this paper, we suggest the use of transfer learning models based on sequential convolutional neural networks (CNNs), Visual Geometry Group 16 (VGG-16), and Residual Neural Network 50 (ResNet-50) for the early detection of osteoarthritis from knee X-ray images. In our analysis, we found that all the suggested models achieved a higher level of predictive accuracy, greater than 90%, in detecting osteoarthritis. However, the best-performing model was the pretrained VGG-16 model, which achieved a training accuracy of 99% and a testing accuracy of 92%.},
   author = {Hassan A. Alshamrani and Mamoon Rashid and Sultan S. Alshamrani and Ali H.D. Alshehri},
   doi = {10.3390/healthcare11091206},
   issn = {22279032},
   issue = {9},
   journal = {Healthcare (Switzerland)},
   title = {Osteo-NeT: An Automated System for Predicting Knee Osteoarthritis from X-ray Images Using Transfer-Learning-Based Neural Networks Approach},
   volume = {11},
   year = {2023},
}
@article{KELLGREN1957,
   author = {J. H. KELLGREN and J. S. LAWRENCE},
   doi = {10.1136/ard.16.4.494},
   issn = {00034967},
   issue = {4},
   journal = {Annals of the rheumatic diseases},
   title = {Radiological assessment of osteo-arthrosis.},
   volume = {16},
   year = {1957},
}
@misc{Kanamoto2020,
   abstract = {Osteoarthritis (OA) is a degenerative joint disease that causes joint dysfunction due to pain and restricted range of motion and it causes lowering of physical activity and the quality of life and results in a significant effect on the global burden of disease. Early diagnosis of OA in the knee joint is critical for effective treatment before facing severe irreversible pathology, and to develop new OA treatment techniques. Discussion on defining early OA has become more globally active. In this review, two proposals of the definition of early knee osteoarthritis, the Italian Rheumatology Association International and the First International Early OA Workshop proposed are introduced. These definitions of early OA have been proposed with a combination of “symptoms” of joint pain, “signs” such as joint stiffness, tenderness, or risk factors, and diagnostic imaging such as radiographs. Consensus on a more detailed classification and validation of the proposed definition of early OA are necessary to develop new treatment methods to suppress or prevent symptoms at an early stage before any progressive and irreversible change. Diagnostic imaging techniques such as MRI and ultrasound are superior compared to X-ray for visualization of soft tissues of joints and quantification of physical activity will become a key for the evaluation and development of new treatment strategies for early stages of osteoarthritis in the near future due to the fact that the structural and qualitative abnormalities of joints directly affect physical activity, and improvement of that will be the primary outcome of treatment for osteoarthritis in society.},
   author = {Takashi Kanamoto and Tatsuo Mae and Teruki Yokoyama and Hiroyuki Tanaka and Kosuke Ebina and Ken Nakata},
   doi = {10.21037/aoj.2019.09.02},
   issn = {24156809},
   issue = {JANUARY},
   journal = {Annals of Joint},
   title = {Significance and definition of early knee osteoarthritis},
   volume = {5},
   year = {2020},
}
@article{Saraev2020,
   abstract = {Background. Current evidence based research data lead to reassessment of traditional approaches for treatment of patients with bone and joint disorders especially knee osteoarthritis (OA). The purpose of the study was to review randomized clinical trials (RCT) and meta-analyses of RCT as well as recent guidelines of professional societies for application of arthroscopic lavage, debridement and meniscectomy in knee OA. Materials and Methods. Databases PubMed, e-LIBRARY, EMBASE (Ovid), Cochrane Central Register of Controlled Trials (CENTRAL) were searched for the period from 2000 till 2019. From 138 heats irrelevant and poor quality studies were excluded. In total there were 1614 patients aged 48,9–62,8 in RCT and 20 770 patients aged 42–62,4 in meta-analyses of RCT. Results. Both arthroscopic lavage and debridement do not lead to significant pain relief as well as functional improvement in long term therefore are not recommended. Nonsurgical treatment should be the first line strategy in patients with early and moderate knee OA even with degenerative meniscal tears irrespective of mechanical symptoms like painful locking, catching or sudden giving way. Arthroscopy might be performed only if complex non-surgical treatment including non-steroidal anti-inflammatory drugs, structured exercises program and intra-articular injections failed after 3 months in patients without ‘bone on bone’ cartilage erosions and frontal malalignment or if the knee is mechanically locked due to bucked handle type meniscus tear or loose body. Conclusion. Evidence based medicine approach let us to conclude that arthroscopy in knee OA is non-efficient and rarely indicated therefore if proper non-surgical treatment is failed around the knee osteotomies and partial or total arthroplasty should be considered.},
   author = {A. V. Saraev and T. A. Kulyaba and M. Sh. Rasulov and N. N. Kornilov},
   doi = {10.21823/2311-2905-2020-26-4-150-162},
   issn = {2311-2905},
   issue = {4},
   journal = {Traumatology and Orthopedics of Russia},
   title = {Arthroscopy for Knee Osteoarthritis in the XXI Century: a Systematic Review of Current High Quality Researches and Guidelines of Professional Societies},
   volume = {26},
   year = {2020},
}
@article{Tariq2023,
   abstract = {Knee osteoarthritis is a common form of arthritis, a chronic and progressive disease recognized by joint space narrowing, osteophyte formation, sclerosis, and bone deformity that can be observed using radiographs. Radiography is regarded as the gold standard and is the cheapest and most readily available modality. X-ray images are graded using Kellgren and Lawrence's (KL) grading scheme according to the order of severity of osteoarthritis from normal to severe. Early detection can help early treatment and hence slows down knee osteoarthritis degeneration. Unfortunately, most of the existing approaches either merge or exclude perplexing grades to improve the performance of their models. This study aims to automatically detect and classify knee osteoarthritis according to the KL grading system for radiographs. We have proposed an automated deep learning-based ordinal classification approach for early diagnosis and grading knee osteoarthritis using a single posteroanterior standing knee x-ray image. An Osteoarthritis Initiative(OAI) based dataset of knee joint X-ray images is chosen for this study. The dataset was split into the training, testing, and validation set with a 7: 2: 1 ratio. We took advantage of transfer learning and fine-tuned ResNet-34, VGG-19, DenseNet 121, and DenseNet 161 and joined them in an ensemble to improve the model's overall performance. Our method has shown promising results by obtaining 98% overall accuracy and 0.99 Quadratic Weighted Kappa with a 95% confidence interval. Also, accuracy per KL grade is significantly improved. Furthermore, our methods outperform state-of-the-art automated methods.},
   author = {Tayyaba Tariq and Zobia Suhail and Zubair Nawaz},
   doi = {10.1109/ACCESS.2023.3276810},
   issn = {21693536},
   journal = {IEEE Access},
   title = {Knee Osteoarthritis Detection and Classification Using X-Rays},
   volume = {11},
   year = {2023},
}
@misc{Litjens2017,
   abstract = {Deep learning algorithms, in particular convolutional networks, have rapidly become a methodology of choice for analyzing medical images. This paper reviews the major deep learning concepts pertinent to medical image analysis and summarizes over 300 contributions to the field, most of which appeared in the last year. We survey the use of deep learning for image classification, object detection, segmentation, registration, and other tasks. Concise overviews are provided of studies per application area: neuro, retinal, pulmonary, digital pathology, breast, cardiac, abdominal, musculoskeletal. We end with a summary of the current state-of-the-art, a critical discussion of open challenges and directions for future research.},
   author = {Geert Litjens and Thijs Kooi and Babak Ehteshami Bejnordi and Arnaud Arindra Adiyoso Setio and Francesco Ciompi and Mohsen Ghafoorian and Jeroen A.W.M. van der Laak and Bram van Ginneken and Clara I. Sánchez},
   doi = {10.1016/j.media.2017.07.005},
   issn = {13618423},
   journal = {Medical Image Analysis},
   title = {A survey on deep learning in medical image analysis},
   volume = {42},
   year = {2017},
}

@misc{Shamshad2023,
   abstract = {Following unprecedented success on the natural language tasks, Transformers have been successfully applied to several computer vision problems, achieving state-of-the-art results and prompting researchers to reconsider the supremacy of convolutional neural networks (CNNs) as de facto operators. Capitalizing on these advances in computer vision, the medical imaging field has also witnessed growing interest for Transformers that can capture global context compared to CNNs with local receptive fields. Inspired from this transition, in this survey, we attempt to provide a comprehensive review of the applications of Transformers in medical imaging covering various aspects, ranging from recently proposed architectural designs to unsolved issues. Specifically, we survey the use of Transformers in medical image segmentation, detection, classification, restoration, synthesis, registration, clinical report generation, and other tasks. In particular, for each of these applications, we develop taxonomy, identify application-specific challenges as well as provide insights to solve them, and highlight recent trends. Further, we provide a critical discussion of the field's current state as a whole, including the identification of key challenges, open problems, and outlining promising future directions. We hope this survey will ignite further interest in the community and provide researchers with an up-to-date reference regarding applications of Transformer models in medical imaging. Finally, to cope with the rapid development in this field, we intend to regularly update the relevant latest papers and their open-source implementations at https://github.com/fahadshamshad/awesome-transformers-in-medical-imaging.},
   author = {Fahad Shamshad and Salman Khan and Syed Waqas Zamir and Muhammad Haris Khan and Munawar Hayat and Fahad Shahbaz Khan and Huazhu Fu},
   doi = {10.1016/j.media.2023.102802},
   issn = {13618423},
   journal = {Medical Image Analysis},
   title = {Transformers in medical imaging: A survey},
   volume = {88},
   year = {2023},
}



@book{ibge1993,
	Address = {Rio de Janeiro},
	Author = {IBGE},
	Date-Added = {2013-08-21 13:56:10 +0000},
	Date-Modified = {2013-08-21 13:56:10 +0000},
	Edition = {3},
	Organization = {http://biblioteca.ibge.gov.br/visualizacao/livros/liv23907.pdf},
	Publisher = {Centro de Documenta{\c c}{\~a}o e Dissemina{\c c}{\~a}o de Informa{\c c}{\~o}es. Funda{\c c}{\~a}o Intituto Brasileiro de Geografia e Estat{\'\i}stica},
	Title = {Normas de apresenta{\c c}{\~a}o tabular},
	Urlaccessdate = {21 ago 2013},
	Year = {1993}}

@misc{abntex2-wiki-como-customizar,
	Author = {abnTeX2},
	Date-Added = {2013-03-23 21:39:21 +0000},
	Date-Modified = {2013-03-23 21:44:20 +0000},
	Howpublished = {Wiki do abnTeX2},
	Keywords = {wiki},
	Title = {Como customizar o abnTeX2},
	Url = {https://code.google.com/p/abntex2/wiki/ComoCustomizar},
	Urlaccessdate = {23 mar. 2013},
	Year = {2013},
	Bdsk-Url-1 = {https://code.google.com/p/abntex2/wiki/ComoCustomizar}}

@manual{talbot2012,
	Author = {Nicola L.C. Talbot},
	Date-Added = {2013-03-11 12:06:04 +0000},
	Date-Modified = {2013-03-11 12:06:56 +0000},
	Month = {Nov.},
	Title = {User Manual for glossaries.sty},
	Url = {http://mirrors.ctan.org/macros/latex/contrib/glossaries/glossaries-user.pdf},
	Urlaccessdate = {11 mar. 2013},
	Year = {2012},
	Bdsk-Url-1 = {http://mirrors.ctan.org/macros/latex/contrib/glossaries/glossaries-user.pdf}}

@manual{babel,
	Author = {Johannes Braams},
	Date-Added = {2013-02-17 13:37:14 +0000},
	Date-Modified = {2013-02-17 13:38:38 +0000},
	Month = {Apr.},
	Title = {Babel, a multilingual package for use with LATEX's standard document classes},
	Url = {http://mirrors.ctan.org/info/babel/babel.pdf},
	Urlaccessdate = {17 fev. 2013},
	Year = {2008},
	Bdsk-Url-1 = {http://mirrors.ctan.org/info/babel/babel.pdf}}

@manual{abntex2modelo-artigo,
	Annote = {Este documento {\'e} derivado do \cite{abnt-bibtex-doc}},
	Author = {abnTeX2},
	Date-Added = {2013-01-15 00:10:35 +0000},
	Date-Modified = {2013-02-04 12:05:47 +0000},
	Organization = {Equipe abnTeX2},
	Title = {Modelo Can{\^o}nico de Artigo Cient{\'\i}fico com abnTeX2},
	Url = {http://abntex2.googlecode.com/},
	Year = {2013},
	Bdsk-Url-1 = {http://code.google.com/p/abntex2/}}

@manual{abntex2modelo-relatorio,
	Annote = {Este documento {\'e} derivado do \cite{abnt-bibtex-doc}},
	Author = {abnTeX2},
	Date-Added = {2013-01-15 00:05:34 +0000},
	Date-Modified = {2013-02-04 12:05:50 +0000},
	Organization = {Equipe abnTeX2},
	Title = {Modelo Can{\^o}nico de Relat{\'o}rio T{\'e}cnico e/ou Cient{\'\i}fico com abnTeX2},
	Url = {http://abntex2.googlecode.com/},
	Year = {2013},
	Bdsk-Url-1 = {http://code.google.com/p/abntex2/}}

@manual{abntex2modelo,
	Annote = {Este documento {\'e} derivado do \cite{abnt-bibtex-doc}},
	Author = {abnTeX2},
	Date-Added = {2013-01-12 22:55:32 +0000},
	Date-Modified = {2013-02-04 12:05:54 +0000},
	Organization = {Equipe abnTeX2},
	Title = {Modelo Can{\^o}nico de Trabalho Acad{\^e}mico com abnTeX2},
	Url = {http://abntex2.googlecode.com/},
	Year = {2013},
	Bdsk-Url-1 = {http://code.google.com/p/abntex2/}}

@mastersthesis{araujo2012,
	Address = {Bras{\'\i}lia},
	Author = {Lauro C{\'e}sar Araujo},
	Date-Added = {2013-01-09 11:04:42 +0000},
	Date-Modified = {2013-01-09 11:04:42 +0000},
	Month = {mar.},
	School = {Universidade de Bras{\'\i}lia},
	Subtitle = {uma perspectiva de {A}rquitetura da {I}nforma{\c c}{\~a}o da {E}scola de {B}ras{\'\i}lia},
	Title = {Configura{\c c}{\~a}o},
	Year = {2012}}

@manual{memoir,
	Address = {Normandy Park, WA},
	Author = {Peter Wilson and Lars Madsen},
	Date-Added = {2013-01-09 10:37:50 +0000},
	Date-Modified = {2013-03-21 13:23:25 +0000},
	Organization = {The Herries Press},
	Title = {The Memoir Class for Configurable Typesetting - User Guide},
	Url = {http://mirrors.ctan.org/macros/latex/contrib/memoir/memman.pdf},
	Urlaccessdate = {19 dez. 2012},
	Year = {2010},
	Bdsk-Url-1 = {http://ctan.tche.br/macros/latex/contrib/memoir/memman.pdf}}

@manual{abntex2cite-alf,
	Annote = {Este documento {\'e} derivado do \cite{abnt-bibtex-alf-doc}},
	Author = {abnTeX2 and Lauro C{\'e}sar Araujo},
	Date-Added = {2013-01-09 10:37:45 +0000},
	Date-Modified = {2013-04-05 11:03:05 +0000},
	Organization = {Equipe abnTeX2},
	Title = {O pacote abntex2cite: t{\'o}picos espec{\'\i}ficos da ABNT NBR 10520:2002 e o estilo bibliogr{\'a}fico alfab{\'e}tico (sistema autor-data)},
	Url = {http://abntex2.googlecode.com/},
	Year = {2013},
	Bdsk-Url-1 = {http://code.google.com/p/abntex2/}}

@manual{abntex2cite,
	Annote = {Este documento {\'e} derivado do \cite{abnt-bibtex-doc}},
	Author = {abnTeX2 and Lauro C{\'e}sar Araujo},
	Date-Added = {2013-01-09 10:37:45 +0000},
	Date-Modified = {2013-04-05 10:47:36 +0000},
	Organization = {Equipe abnTeX2},
	Title = {O pacote abntex2cite: Estilos bibliogr{\'a}ficos compat{\'\i}veis com a ABNT NBR 6023},
	Url = {http://abntex2.googlecode.com/},
	Year = {2013},
	Bdsk-Url-1 = {http://code.google.com/p/abntex2/}}

@manual{abntex2classe,
	Author = {abnTeX2 and Lauro C{\'e}sar Araujo},
	Date-Added = {2013-01-09 10:37:38 +0000},
	Date-Modified = {2013-04-05 11:03:48 +0000},
	Organization = {Equipe abnTeX2},
	Title = {A classe abntex2: Modelo can{\^o}nico de trabalhos acad{\^e}micos brasileiros compat{\'\i}vel com as normas ABNT NBR 14724:2011, ABNT NBR 6024:2012 e outras},
	Url = {http://abntex2.googlecode.com/},
	Year = {2013},
	Bdsk-Url-1 = {http://code.google.com/p/abntex2/}}

@manual{NBR10520:2002,
	Address = {Rio de Janeiro},
	Date-Added = {2012-12-15 21:43:38 +0000},
	Date-Modified = {2013-01-12 22:17:20 +0000},
	Month = {ago.},
	Org-Short = {ABNT},
	Organization = {Associa{\c c}\~ao Brasileira de Normas T\'ecnicas},
	Pages = 7,
	Subtitle = {Informa{\c c}\~ao e documenta{\c c}\~ao --- Apresenta{\c c}\~ao de cita{\c c}\~oes em documentos},
	Title = {{NBR} 10520},
	Year = 2002}

@manual{NBR6024:2012,
	Address = {Rio de Janeiro},
	Date-Added = {2012-12-15 21:24:06 +0000},
	Date-Modified = {2012-12-15 21:24:28 +0000},
	Month = {fev.},
	Org-Short = {ABNT},
	Organization = {Associa{\c c}\~ao Brasileira de Normas T\'ecnicas},
	Pages = 4,
	Subtitle = {Numera{\c c}\~ao progressiva das se{\c c}\~oes de um documento},
	Title = {{NBR} 6024},
	Year = 2012}

@manual{NBR6028:2003,
	Address = {Rio de Janeiro},
	Date-Added = {2012-12-15 21:02:12 +0000},
	Date-Modified = {2012-12-15 21:02:50 +0000},
	Month = {nov.},
	Org-Short = {ABNT},
	Organization = {Associa{\c c}\~ao Brasileira de Normas T\'ecnicas},
	Pages = 2,
	Subtitle = {Resumo - Apresenta{\c c}{\~a}o},
	Title = {{NBR} 6028},
	Year = 2003}

@manual{NBR14724:2001,
	Address = {Rio de Janeiro},
	Date-Added = {2012-12-15 20:34:08 +0000},
	Date-Modified = {2012-12-15 20:34:08 +0000},
	Month = {jul.},
	Org-Short = {ABNT},
	Organization = {Associa{\c c}\~ao Brasileira de Normas T\'ecnicas},
	Pages = 6,
	Subtitle = {Informa{\c c}\~ao e documenta{\c c}\~ao --- trabalhos acad\^emicos --- apresenta{\c c}\~ao},
	Title = {{NBR} 14724},
	Year = 2001}

@manual{NBR14724:2002,
	Address = {Rio de Janeiro},
	Date-Added = {2012-12-15 20:34:17 +0000},
	Date-Modified = {2012-12-15 20:34:17 +0000},
	Month = {ago.},
	Org-Short = {ABNT},
	Organization = {Associa{\c c}\~ao Brasileira de Normas T\'ecnicas},
	Pages = 6,
	Subtitle = {Informa{\c c}\~ao e documenta{\c c}\~ao --- trabalhos acad\^emicos --- apresenta{\c c}\~ao},
	Title = {{NBR} 14724},
	Year = 2002}

@manual{NBR14724:2005,
	Address = {Rio de Janeiro},
	Date-Added = {2012-12-15 20:34:08 +0000},
	Date-Modified = {2012-12-15 20:35:25 +0000},
	Month = {dez.},
	Org-Short = {ABNT},
	Organization = {Associa{\c c}\~ao Brasileira de Normas T\'ecnicas},
	Pages = 9,
	Subtitle = {Informa{\c c}\~ao e documenta{\c c}\~ao --- trabalhos acad\^emicos --- apresenta{\c c}\~ao},
	Title = {{NBR} 14724},
	Year = 2005}

@manual{NBR14724:2011,
	Address = {Rio de Janeiro},
	Date-Added = {2012-12-15 20:34:08 +0000},
	Date-Modified = {2012-12-15 20:35:25 +0000},
	Month = {mar.},
	Note = {Substitui a Ref.~\citeonline{NBR14724:2005}},
	Org-Short = {ABNT},
	Organization = {Associa{\c c}\~ao Brasileira de Normas T\'ecnicas},
	Pages = 15,
	Subtitle = {Informa{\c c}\~ao e documenta{\c c}\~ao --- trabalhos acad\^emicos --- apresenta{\c c}\~ao},
	Title = {{NBR} 14724},
	Year = 2011}

@article{van86,
	Author = {{van}, Gigch, John P. and Leo L. Pipino},
	Journal = {Future Computing Systems},
	Number = {1},
	Pages = {71-97},
	Title = {In search for a paradigm for the discipline of information systems},
	Volume = {1},
	Year = {1986}}

@phdthesis{guizzardi2005,
	Address = {Enschede, The Netherlands},
	Author = {Giancarlo Guizzardi},
	Date-Added = {2012-04-23 11:35:28 +0000},
	Date-Modified = {2012-04-23 11:35:28 +0000},
	School = {Centre for Telematics and Information Technology, University of Twente},
	Title = {Ontological Foundations for Structural Conceptual Models},
	Url = {http://www.loa.istc.cnr.it/Guizzardi/SELMAS-CR.pdf},
	Urlaccessdate = {3 jul. 2011},
	Year = {2005},
	Bdsk-Url-1 = {http://www.loa.istc.cnr.it/Guizzardi/SELMAS-CR.pdf}}

@mastersthesis{macedo2005,
	Author = {Fl{\'a}via L. Macedo},
	Date-Added = {2012-04-23 11:35:13 +0000},
	Date-Modified = {2012-04-23 11:35:13 +0000},
	Keywords = {arquitetura da informa{\c c}{\~a}o},
	School = {Universidade de Bras{\'\i}lia},
	Title = {Arquitetura da Informa{\c c}{\~a}o: aspectos espistemol{\'o}gicos, cient{\'\i}ficos e pr{\'a}ticos.},
	Type = {Disserta{\c c}{\~a}o de Mestrado},
	Year = {2005}}

@manual{EIA649B,
	Address = {EUA},
	Date-Added = {2012-04-23 11:34:59 +0000},
	Date-Modified = {2012-04-23 11:34:59 +0000},
	Keywords = {norma},
	Month = {June},
	Organization = {TechAmerica},
	Title = {ANSI/EIA 649-B: Configuration Management Standard},
	Year = {2011}}

@inproceedings{masolo2010,
	Author = {Claudio Masolo},
	Booktitle = {Proceedings of the Twelfth International Conference on the Principles of Knowledge Representation and Reasoning (KR 2010)},
	Date-Added = {2012-04-23 11:34:38 +0000},
	Date-Modified = {2012-04-23 11:34:38 +0000},
	Editor = {Lin, F. and Sattler, U.},
	Pages = {258-268},
	Publisher = {AAAI Press},
	Title = {Understanding Ontological Levels},
	Url = {http://wiki.loa-cnr.it/Papers/kr10v0.7.pdf},
	Urlaccessdate = {2 jan. 2012},
	Year = {2010},
	Bdsk-Url-1 = {http://wiki.loa-cnr.it/Papers/kr10v0.7.pdf}}

@inbook{guarino1995,
	Address = {Vienna},
	Author = {Nicola Guarino},
	Booktitle = {Philosophy and the Cognitive Science},
	Date-Added = {2012-04-23 11:34:29 +0000},
	Date-Modified = {2012-04-23 11:34:29 +0000},
	Editor = {R. Casati and B. Smith and G. White},
	Month = {Sept.},
	Pages = {443-456},
	Publisher = {Holder-Pivhler-Tempsky},
	Title = {The Ontological Level},
	Url = {http://wiki.loa-cnr.it/Papers/OntLev.pdf},
	Urlaccessdate = {2 jan. 2012},
	Year = {1995},
	Bdsk-Url-1 = {http://wiki.loa-cnr.it/Papers/OntLev.pdf}}

@incollection{bates2010,
	Address = {New York},
	Author = {Marcia J. Bates},
	Booktitle = {Encyclopedia of Library and Information Sciences},
	Date-Added = {2012-04-23 11:34:29 +0000},
	Date-Modified = {2012-04-23 11:34:29 +0000},
	Edition = {3rd},
	Editor = {Marcia J. Bates and Mary Niles Maack},
	Pages = {2347-2360},
	Publisher = {CRC Press},
	Title = {Information},
	Url = {http://pages.gseis.ucla.edu/faculty/bates/articles/information.html},
	Urlaccessdate = {24 out. 2011},
	Volume = {3},
	Year = {2010},
	Bdsk-Url-1 = {http://pages.gseis.ucla.edu/faculty/bates/articles/information.html}}

@book{doxiadis1965,
	Author = {Constantinos A. Doxiadis},
	Date-Added = {2012-04-23 11:34:20 +0000},
	Date-Modified = {2012-04-23 11:34:20 +0000},
	Publisher = {Ceira - Coimbra},
	Title = {Arquitetura em Transi{\c c}{\~a}o},
	Year = {1965}}

@book{dewey1980,
	Address = {New York, NY, USA},
	Author = {John Dewey},
	Date-Added = {2012-04-23 11:34:16 +0000},
	Date-Modified = {2012-04-23 11:34:16 +0000},
	Publisher = {Perigee Books},
	Title = {Art as Experience},
	Year = {1980}}
